@misc{02_basic_crypto,
  author    = {Antonio Lioy},
  title     = {Cryptographic Techniques for Cybersecurity},
  year      = {2024},
}